@article{oms2022, 
    title={Mental Health and COVID-19: Early evidence of the
pandemic’s impact },
    author={OMS},
    year={2022},
    url={https://www.who.int/publications/i/item/WHO-2019-nCoV-Sci_Brief-Mental_health-2022.1} 
}

@article{psychiatry2020, 
    title={The mental health impact of the covid-19 pandemic on healthcare workers,
and interventions to help them: A rapid systematic review},
    author={Elizabeth Muller, Ashley},
    journal={Psychiatry Research},
    year={2020},
    url={https://www.sciencedirect.com/science/article/pii/S0165178120323271/pdfft?md5=645ade4bebbc7a39ee7322d6c059c73b&pid=1-s2.0-S0165178120323271-main.pdf} 
}

@article{medicion2009, 
    title={The Measurement of Social Welfare: A Critical Review 
 },
    author={Pena Trapero, Bernardo},
    year={2009},
    url={http://www.revista-eea.net/documentos/27206.pdf} 
}

@article{salario2022, 
    author={Talent},
    year={2022},
    url={https://es.talent.com/salary?job=programador#:~:text=El%20salario%20programador%20promedio%20en,hasta%20%E2%82%AC%2038.000%20al%20a%C3%B1o.} 
}

@article{vivibot2019, 
    author={Danielle Ramo, PhD},
    year={2019},
    url={https://mhealth.jmir.org/2019/10/e15018/} 
}

@article{21daystressdetox2021, 
    title={21-Day Stress Detox: Open Trial of a Universal Well-Being Chatbot for Young Adults},
    author={Ruth Williams},
    journal={Soc. Sci., 2021},
    year={2021},
    url={https://www.mdpi.com/2076-0760/10/11/416} 
}

@article{moodfit2016, 
    title={Moodfit},
    year={2016},
    url={https://www.getmoodfit.com/} 
}


@article{aws2022, 
    title={AWS},
    year={2022},
    url={https://aws.amazon.com/} 
}

@article{wellbeingchabot, 
    title={Human Factors: The Journal of the Human Factors and Ergonomics Society},
    author={Liam kettle and Yi-Ching Lee},
    journal={Sage Journals},
    year={2023},
    url={https://journals.sagepub.com/doi/abs/10.1177/00187208231162453} 
}

@article{pythontelegrambot, 
    title={python-telegram-bot},
    year={2015-2023},
    url={https://python-telegram-bot.org/} 
}
@article{gpt2020, 
    title={GPT-3: Its Nature, Scope, Limits, and Consequences},
    author={Luciano Floridi},
    year={2020},
    url={https://link.springer.com/article/10.1007/s11023-020-09548-1} 
}

@article{docker, 
    title={Docker},
    url={https://docs.docker.com/desktop/install/windows-install/} 
}

@article{python, 
    title={Python},
    url={https://www.python.org/} 
}

@article{postgres, 
    title={PostgreSQL},
    url={https://www.postgresql.org/} 
}

@article{chatbots2020, 
    title={An Overview of Chatbot Technology},
    author={Eleni Adamopoulou and Lefteris Moussiades},
    year={2020},
    url={https://link.springer.com/chapter/10.1007/978-3-030-49186-4_31?ref=blog.min.io} 
}
@article{crecimientochatbots, 
    title={Código Chatbot: cuando la humanidad se robotiza},
    year={2023},
    url={https://comuniza.com/blog/codigo-chatbot-para-empresas} 
}

@book{techinnovation,
    title={Journal TechInnovation},
    publisher={Springer Nature},
    year={2022},
    url={https://revistas.unesum.edu.ec/JTI/index.php/JTI/article/view/12}
}
@article{impactocovid, 
    title={Impacto de la covid-19 en la salud física y mental de la población adulta española},
    year={2021},
    url={https://elobservatoriosocial.fundacionlacaixa.org/-/impacto-de-la-covid-19-en-la-salud-fisica-y-mental-de-la-poblacion-adulta-espanola} 
}

@article{bienestar, 
    title={Bienestar emocional: las claves para estar y sentirse bien},
    author={Editorial HIFAS},
    year={2023},
    url={https://hifasdaterra.com/blog/bienestar-emocional/} 
}
@article{djangomvt, 
    title={Django:Web Development Simple & Fast},
    author={Himanshu Gore},
    year={2021},
    url={http://www.annalsofrscb.ro/index.php/journal/article/view/6301/4788} 
}

@article{postgres, 
    title={Telegram},
    url={https://telegram.org/} 
}

@article{django, 
    title={Django Documentation},
    url={https://docs.djangoproject.com/en/4.2/} 
}
@article{djangocurso, 
    author={Cristhian Santa Cruz},
    year={2022},
    title={Curso Django y Django Rest Framework Profesional},
    url={https://www.udemy.com/course/curso-profesional-de-programacion-web-con-python-y-django/?kw=curso+django+y+django+rest+frame&src=sac} 
}

@article{github, 
    title={Github},
    year={2023},
    url={https://github.com} 
}

@article{postcovid, 
    title={POSTCOVID-AI},
    year={2023},
    url={https://projects.ugr.es/postcovid-ai/} 
}

@article{chatbotl, 
    title={Chatbots for learning: A review of educational chatbots for the
Facebook Messenger},
    author={Pavel Smutny and Petra Schreiberova},
    journal={Elsevier},
    year={2020},
    url={https://www.sciencedirect.com/science/article/pii/S0360131520300622/pdfft?md5=fd500687e51fceacc8de69616f6f4837&pid=1-s2.0-S0360131520300622-main.pdf} 
}

@article{w3school, 
    title={Web Online Tutorials},
    year={2023},
    url={https://www.w3schools.com} 
}

@article{pandemic, 
    title={Epidemiology of mental health problems in COVID-19: a review},
    author={Reindolf Anokye},
    year={2020},
    url={https://www.w3schools.com} 
}

@article{chatbotdef, 
    title={Definición y significado de chatbot},
    author={Lexico Dictionaries English},
    year={2023},
    url={https://www.lexico.com/en/definition/chatbot} 
}

@article{pln, 
    title={Técnicas de procesamiento de lenguaje natural en la inteligencia artificial conversacional textual},
    journal={AlfaPublicaciones, 3(4.1), 40–52.},
    author={Ricardo Javier Celi-Parraga},
    year={2021},
    url={https://doi.org/10.33262/ap.v3i4.1.123} 
}